@misc{cao2023token,
  author = {Cao, Guangye},
  title = {Startup Financing: Token vs Equity},
  year = {2023},
  note = {arXiv:2402.04662},
  url = {https://arxiv.org/abs/2402.04662}
}

@article{howell2020initial,
  author = {Howell, Sabrina T and Niessner, Marina and Yermack, David},
  title = {Initial Coin Offerings: Financing Growth with Cryptocurrency Token Sales},
  journal = {The Review of Financial Studies},
  volume = {33},
  number = {9},
  pages = {3925--3974},
  year = {2020},
  publisher = {Oxford University Press}
}

@misc{catalini2019some,
  author = {Catalini, Christian and Gans, Joshua S},
  title = {Some Simple Economics of the Blockchain},
  year = {2019},
  note = {NBER Working Paper No. 2874598},
  url = {https://ssrn.com/abstract=2874598}
}

@article{chod2021theory,
  author = {Chod, Jiri and Lyandres, Evgeny},
  title = {A Theory of ICOs: Diversification, Agency, and Information Asymmetry},
  journal = {Management Science},
  year = {2021},
  note = {Forthcoming}
}

@article{cong2021tokenomics,
  author = {Cong, Lin William and Li, Ye and Wang, Neng},
  title = {Tokenomics: Dynamic Adoption and Valuation},
  journal = {Review of Financial Studies},
  volume = {34},
  number = {3},
  pages = {1105--1155},
  year = {2021}
}

@misc{mendelson2019saft,
  author = {Mendelson, Menachem},
  title = {From Initial Coin Offerings to Security Tokens: A U.S. Federal Securities Law Analysis},
  year = {2019},
  url = {https://law.stanford.edu/wp-content/uploads/2019/01/Mendelson\_20180129.pdf}
}

@misc{lw2019token,
  author = {Latham \& Watkins LLP},
  title = {Token Presale Agreements and ConsenSys Automated Convertible Note},
  year = {2019},
  url = {https://www.lw.com/en/insights/2019/05/token-presale-agreements-consensys-automated-convertible-note}
}

@misc{chargedparticles2022,
  title = {NFTs with Fungible Tokens for a More Dynamic Governance Structure},
  author = {Charged Particles Team},
  year = {2022},
  url = {https://medium.com/charged-particles/nfts-with-fungible-tokens-for-a-more-dynamic-governance-structure-e55cb94b847f}
}

@misc{tensor2025,
  title = {Tensor DAO: A Dual-Protocol Ecosystem},
  author = {Messari Research},
  year = {2025},
  url = {https://messari.io/report/tensor-dao-a-dual-protocol-ecosystem}
}

@misc{origyn2022,
  title = {Origyn Protocol and OGY Utility Token},
  author = {Origyn Foundation},
  year = {2022},
  url = {https://en.wikipedia.org/wiki/Origyn\_Foundation}
}

@article{talgar2024dao,
  author = {Talgar Bayan and Richard Banach},
  title = {A Privacy‑Preserving DAO Model Using NFT Authentication},
  journal = {arXiv preprint arXiv:2405.13156},
  year = {2024}
}

@article{avrilionis2022assetproxy,
  author = {Denis Avrilionis and Thomas Hardjono},
  title = {From Trade‑only to Zero‑Value NFTs: The Asset Proxy NFT Paradigm in Web3},
  journal = {arXiv preprint arXiv:2205.04899},
  year = {2022}
}
